@incollection{abe2018cylindrical,
  title={Cylindrical distributions and their applications to biological data},
  author={Abe, Toshihiro and Shimatani, Ichiro Ken},
  booktitle={Applied directional statistics},
  pages={179--202},
  year={2018},
  publisher={Chapman and Hall/CRC}
}


@article{ameijeiras2024smoothed,
  title={Smoothed circulas: Nonparametric estimation of circular cumulative distribution functions and circulas},
  author={Ameijeiras-Alonso, Jose and Gijbels, Ir{\`e}ne},
  journal={Bernoulli},
  volume={30},
  number={4},
  pages={2747--2769},
  year={2024},
  publisher={Bernoulli Society for Mathematical Statistics and Probability}
}


@article{Artes00,
author={ Artes, Rinaldo and Paula, Gilberto A. and Ranvaud, Ronald },
journal={ Australian and New Zealand Journal of Statistics},
pages={347--358},
title={ Analysis of circular longitudinal data based on generalized estimating equations},
volume={42},
year={2000}
}


@article{Batt88,
author={Battese, G.~E. and  Harter, R.~M. and Fuller, W.~A.},
journal={Journal of the American Statistical Association},
pages={28--36},
title={ An error-components models for prediction of county crop areas using survey and satellite data},
volume={ 83},
year={1988}
}


@article{Best79,
    author = {Best, D. J. and Fisher, N. I.},
    doi = {10.2307/2346732},
    journal = {Applied Statistics},
    pages = {152--157},
    title = {Efficient simulation of the von {M}ises distribution},
    volume = {28},
    number = {2},
    year = {1979}
}

@ARTICLE{Bingham09,
title = {Modeling and Inference for Measured Crystal Orientations and a Tractable Class of Symmetric Distributions for Rotations in Three Dimensions},
author = {Bingham, Melissa A. and Nordman, Daniel J. and Vardeman, Stephen B.},
year = {2009},
journal = {Journal of the American Statistical Association},
volume = {104},
number = {488},
pages = {1385--1397}
}

@book{breckling2012analysis,
  title={The analysis of directional time series: applications to wind speed and direction},
  author={Breckling, Jens},
  volume={61},
  year={2012},
  publisher={Springer Science \& Business Media}
}

@article{Chang07,
    author = {Chang, Lillian Y. and Pollard, Nancy S.},
    doi = {10.1016/j.jbiomech.2006.05.010},
    journal = {Journal of Biomechanics},
    number = {6},
    pages = {1392--1400},
    title = {Constrained least-squares optimization for robust estimation of center of rotation},
    volume = {40},
    year = {2007}
}


@book{Chikuse03,
    author = {Chikuse, Yasuko},
    publisher = {Springer},
    title = {{Statistics on Special Manifolds}},
    year = {2003}
}

@book{Chirikjian01,
      author        = {Chirikjian, G. S. and Kyatkin, A.},
      title         = {Engineering Applications of Noncommutative Harmonic Analysis: With Emphasis on Rotation and Motion Groups},
      publisher     = {CRC Press: Boca Raton, Florida},
      address       = {Abingdon},
      year          = {2001}
}


@article{Copas95,
    author = {Copas, J. B.},
    journal = {Journal of the Royal Statistical Society. Series B (Methodological)},
    number = {1},
    pages = {221--235},
    title = {Local Likelihood Based on Kernel Censoring},
    volume = {57},
    year = {1995}
}

@article{cremers2018one,
  title={One direction? A tutorial for circular data analysis using R with examples in cognitive psychology},
  author={Cremers, Jolien and Klugkist, Irene},
  journal={Frontiers in psychology},
  volume={9},
  pages={2040},
  year={2018},
  publisher={Frontiers Media SA}
}

@article{cremers2020regression,
  title={Regression models for cylindrical data in psychology},
  author={Cremers, Jolien and Pennings, Helena JM and Ley, Christophe},
  journal={Multivariate Behavioral Research},
  volume={55},
  number={6},
  pages={910--925},
  year={2020},
  publisher={Taylor \& Francis}
}

@article{Delia01,
    author = {D'Elia, A.},
    journal = {Statistical Methods and Applications},
    number = {1},
    pages = {157--174},
    title = {A Statistical Model for Orientation Mechanism},
    volume = {10},
    year = {2001}
}

@article{Downs72,
author = {Downs, T. D.},
title = {Orientation statistics},
volume = {59},
number = {3},
pages = {665--676},
year = {1972},
journal = {Biometrika}
}

@article{Downs02,
author = {Downs, T. D. and Mardia, K.V.},
title = {Circular regression},
volume = {89},
number = {3},
pages = {683--697},
year = {2002},
journal = {Biometrika}
}


@article{Epanechnikov69,
    author = {Epanechnikov, V. A.},
    journal = {Theory of Probability and Its Applications},
    number = {1},
    volume = {14},
    pages = {153--158},
    title = {Non parametric estimation of a multivariate probability density.},
    year = {1969}
}

@article{Hernandez17,
    author = {Hernandez-Stumpfhauser, Daniel and Breidt, F. Jay and van der Woerd, Mark J. },
    journal = {Bayesian Analysis},
    number = {1},
    volume = {12},
    pages = {113--133},
    title = {The general projected normal distribution of arbitrary dimension: modeling and Bayesian
inference.},
    year = {2017}
}


@article{Fisher83,
    author = {Fisher, N. I. and Lee, A. J.},
    journal = {Biometrika},
    volume = {70},
    pages = {327--332},
    title = {A correlation coefficient for circular data},
    year = {1983}
}

@book{Fisher93,
    author={Fisher, N. I.},
    title={Statistical Analysis of Circular data},
      publisher     = {Cambridge University Press, Cambridge UK},
      year          = {1993}
}

@article{genest1995semiparametric,
  title={A semiparametric estimation procedure of dependence parameters in multivariate families of distributions},
  author={Genest, Christian and Ghoudi, Kilani and Rivest, L-P},
  journal={Biometrika},
  volume={82},
  number={3},
  pages={543--552},
  year={1995},
  publisher={Oxford University Press}
}

@article{geraci2023joint,
  title={Joint regression modelling of intensity and timing of accelerometer counts},
  author={Geraci, Marco},
  journal={Statistics in Medicine},
  volume={42},
  number={4},
  pages={579--595},
  year={2023},
  publisher={Wiley Online Library}
}

@article{Hall15,
    author={Hall, Daniel B. and Shen, Jing},
    title={Marginal Projected Multivariate Linear Models for Clustered Angular Data},
    journal = {Australian and New Zealand Journal of Statistics},
    year = {2015},
    volume = {57},
    issue={2},
    pages={241--257}
}

@article{hodel2021cylcop,
  title={Cylcop: An R package for circular-linear copulae with angular symmetry},
  author={Hodel, Florian H and Fieberg, John R},
  journal={BioRxiv},
  pages={2021--07},
  year={2021},
  publisher={Cold Spring Harbor Laboratory}
}

@article{hodel2022circular,
  title={Circular--linear copulae for animal movement data},
  author={Hodel, Florian H and Fieberg, John R},
  journal={Methods in Ecology and Evolution},
  volume={13},
  number={5},
  pages={1001--1013},
  year={2022},
  publisher={Wiley Online Library}
}

@article{Jammalamadaka88,
    author={Jammalamadaka, S. R. and Sarma, Y. R.},
    title={A correlation coefficient for angular variables},
    journal = {In K. Matusita (Ed.), Statistical Theory and Data Analysis II},
    publisher = {Amsterdam: Elsevier},
    year = {1988},
    volume = {},
    pages={349--364}
}

@book{jammalamadaka2001topics,
  title={Topics in circular statistics},
  author={Jammalamadaka, S Rao and Sengupta, Ambar},
  volume={5},
  year={2001},
  publisher={world scientific}
}


@book{Joe15,
    author={Harry Joe},
    title={Dependence Modelling with Copulas},
      publisher     = {CRC Monographs on Statistics \& Applied Probability},
      year          = {2015}
}

@article{Johnson66,
author={Johnson, N. L.},
journal={Technometrics},
title={Paths and chains of random straight-line segments},
volume={8},
year={1966},
pages={ 303--317}
}


@article{Johnson77,
author={Johnson, R. A. and Wehrly, T.},
journal={Journal of the Royal Statistical Society Series B},
title={Measures and models for angular correlation and angular-linear correlation},
volume={39},
year={1977},
pages={222--229}
}

@article{johnson1978some,
  title={Some angular-linear distributions and related regression models},
  author={Johnson, Richard A and Wehrly, Thomas E},
  journal={Journal of the American Statistical Association},
  volume={73},
  number={363},
  pages={602--606},
  year={1978},
  publisher={Taylor \& Francis}
}

@article{Jona-Lasinio12,
author={Jona-Lasinio, Giovanna and Gelfand, Alan F. and Jona-Lasinio, Matia },
journal={Annals of Applied Statistics},
title={Spatial Analysis of wave direction data using wrapped Gaussian processes},
volume={6},
year={2012},
pages={1478-1498}
}

@article{Jones15,
author={Jones, M. C. and Pewsey, A. and Kato, S.},
journal={ Annals of the Institute of Statistical Mathematics},
title={On a class of circulas: copulas for circular distributions},
volume={67},
year={2015},
pages={843--862}
}

@article{Jupp79,
    author = {Jupp, P. E. and Mardia, K. V.},
    journal = {The Annals of Statistics},
    number = {3},
    pages = {599--606},
    title = {{Maximum Likelihood Estimators for the Matrix Von Mises-Fisher and Bingham Distributions}},
    volume = {7},
    year = {1979}
}

@article{Jupp80,
    author = {Jupp, P. E. and Mardia, K. V.},
    journal = {Biometrika},
    pages = {163--173},
    title = {A general correlation coefficient for directional data and related regression
problems},
    volume = {67},
    year = {1980}
}



@article {Kato10,
author = {Kato, Shogo},
title = {A Markov process for circular data},
journal = {Journal of the
    Royal Statistical Society Series B},
    volume={72},
    pages={655--672},
year = {2010},
}

@article {Kato08,
author = {Kato, Shogo and Shimizu, K  and Shieh, G. S.},
title = {A circular-circular regression Model},
journal = {Statistica Sinica},
    volume={18},
    pages={633--646},
year = {2008},
}

@article{kato2010family,
  title={A family of distributions on the circle with links to, and applications arising from, M{\"o}bius transformation},
  author={Kato, Shogo and Jones, MC},
  journal={Journal of the American Statistical Association},
  volume={105},
  number={489},
  pages={249--262},
  year={2010},
  publisher={Taylor \& Francis}
}


@article{kato2015mobius,
  title={A M{\"o}bius transformation-induced distribution on the torus},
  author={Kato, Shogo and Pewsey, Arthur},
  journal={Biometrika},
  volume={102},
  number={2},
  pages={359--370},
  year={2015},
  publisher={Oxford University Press}
}

@article {Kato16,
author = {Kato, Shogo},
title = {Comments on ``{A} research proposal" by {L}ouis-{P}aul {R}ivest},
journal = {Manuscript sent to Louis-Paul via email on March 30, 2016},
year = {2016}
}

@article{kato2021tractable,
  title={Tractable circula densities from Fourier series},
  author={Kato, Shogo and Pewsey, Arthur and Jones, MC},
  journal={TEST},
  pages={1--24},
  year={2021},
  publisher={Springer}
}

@article{kato2024versatile,
  title={A versatile trivariate wrapped Cauchy copula with applications to toroidal and cylindrical data},
  author={Kato, Shogo and Ley, Christophe and Loizidou, Sophia and Mardia, Kanti V},
  journal={arXiv preprint arXiv:2401.10824},
  year={2024}
}

@article{Kim09,
 author = {Kim, Peter T. and Liu, Yan and Luo, Zhi-ming and Wang, Yunfeng},
 title = {Deconvolution on the Euclidean Motion Group and Planar Robotic Manipulator Design},
 journal = {Robotica},
 issue_date = {October 2009},
 volume = {27},
 number = {6},
 year = {2009},
 pages = {861--872},
 doi = {10.1017/S0263574708005262}
}

@article{Kume2013,
author = {Kume, A. and Preston, S. P. and Wood, Andrew T. A.},
title = {Saddlepoint approximations for the normalizing constant of Fisher Bingham distributions on products of spheres and Stiefel manifolds},
year = {2013},
journal = {Biometrika},
volume = {100},
number = {4},
pages = {971-984}
}

@article{Lagon16,
author={Lagona, F.},
title={ Regression analysis of correlated circular data based on the multivariate von Mises distribution},
year = {2016},
journal={Environmental and Ecological Statistics},
volume={23},
number = {4},
pages = {89-113}
}

@article{Langr14,
title={Modelling group dynamic animal movement},
author={Langrock, R. and Hopcraft, J.G.C. and Blackwell, P.G. and Goodall, V. and King, R. and Niu, M. and Patterson, T.A. and Pedersen, M.W. and Skarin, A. and Schick, R.S.},
 year={2014},
 journal={Methods in Ecology and Evolution},
 volume={5},
 pages={190--199}
 }


 @article{lapoint2013animal,
  title={Animal behavior, cost-based corridor models, and real corridors},
  author={LaPoint, Scott and Gallery, Paul and Wikelski, Martin and Kays, Roland},
  journal={Landscape ecology},
  volume={28},
  pages={1615--1630},
  year={2013},
  publisher={Springer}
}

@article{Lark14,
title={Modelling complex geological circular data with the projected
normal distribution and mixtures of von Mises distributions},
author={Lark, R. and Clifford, D. and Blackwell, P.G. and Watrers, C. N.},
 year={2014},
 journal={Solid Earth},
 volume={5},
 pages={631--639}
 }


@book{LaValle06,
    author = {LaValle, Steven M.},
    publisher = {Cambridge University Press},
    title = {Planning Algorithms},
    year = {2006}
}

@article{Leon06,
title = "A statistical model for random rotations ",
journal = "Journal of Multivariate Analysis ",
volume = "97",
number = "2",
pages = "412--430",
year = "2006",
author = "Carlos A. Le\'on and Jean-Claude Mass\'{e} and Louis-Paul Rivest"
}

@incollection{mardia2018directional,
  title={Directional statistics in protein bioinformatics},
  author={Mardia, Kanti V and Foldager, Jesper Illemann and Frellsen, Jes},
  booktitle={Applied Directional Statistics},
  pages={17--40},
  year={2018},
  publisher={Chapman and Hall/CRC}
}


@article{Mastr16,
title = "Spatio-temporal circular models with non-separable covariance structure ",
journal = "Test ",
volume = "25",
number = "2",
pages = "331--350",
year = "2016",
author = "Mastrantonio, Gianluca and  Lasinio, Giovanna Jona and  Gelfand, Alan E."
}

@book{McCarthy90,
    author = {McCarthy, J. M.},
    publisher = {The MIT Press, Cambridge, Massachusetts.},
    title = {Introduction to Theoretical Kinematics},
    year = {1990}
}

@article{mardia1975statistics,
  title={Statistics of directional data},
  author={Mardia, Kantilal Varichand},
  journal={Journal of the Royal Statistical Society Series B: Statistical Methodology},
  volume={37},
  number={3},
  pages={349--371},
  year={1975},
  publisher={Oxford University Press}
}

@article{mardia1976linear,
  title={Linear-circular correlation coefficients and rhythmometry},
  author={Mardia, KV},
  journal={Biometrika},
  pages={403--405},
  year={1976},
  publisher={JSTOR}
}

@book{Mardia00,
    author = {Mardia, Kanti V. and Jupp, Peter E.},
    publisher = {Wiley},
    title = {Directional Statistics},
    year = {2000}
}

@article{Mardia08,
    author= {Mardia, Kanti V. and Hughes, G. and Taylor, Charles C. and Singh,  Harshinder},
    title = {A multivariate von mises distribution with applications to bioinformatics},
journal = {Canadian Journal of Statistics},
volume = {36},
pages = {99-109},
year={2008}
}


@article{Maruo16,
    author= {Antonello Maruotti},
    title = {Analyzing longitudinal circular data by projected normal models: a semi-parametric
approach based on finite mixture models},
year = {2016},
journal = {Environmental and Ecological Statistics},
volume = {23},
number = {2},
pages = {257-277}
}

@article{Maruo16b,
    author= { Maruotti, Antonello and   Punzo, A. and  Mastrantonio, G. and Lagona, F.},
    title = {A time-dependent extension of the projected normal regression model
    for longitudinal circular data based on a hidden Markov heterogeneity structure},
year = {2016},
journal = {Stochastic Environmental Research and Risk Assessment},
volume = {30},
number = {6},
pages = {1725-1740}
}

@article{Mastr17,
    author= {Mastrantonio, G. and Pollice, A. and  Fedele, F.},
    title={Distributions-oriented wind forecast verification by a hidden
    Markov model for multivariate circular–linear data},
journal={ Stochastic Environmental Research and Risk Assessment},
url={doi:10.1007/s00477-017-1416-x}
}

@book{Muirhead82,
    author = {Muirhead, R. J.},
    publisher = {New York: John Wiley},
    title = {Aspects of Multivariate Statistical Theory},
    year = {1982}
}

@book{Nelsen:2006,
    Address = {New York},
    Author = {Nelsen, Roger B.},
    Date-Added = {2008-06-06 11:11:55 -0400},
    Date-Modified = {2008-06-06 11:12:02 -0400},
    Edition = {Second},
    Isbn = {978-0387-28659-4; 0-387-28659-4},
    Mrclass = {60-02 (60E05 60E15 62H05)},
    Mrnumber = {MR2197664 (2006i:60004)},
    Mrreviewer = {Radu Theodorescu},
    Pages = {xiv+269},
    Publisher = {Springer},
    Series = {Springer Series in Statistics},
    Title = {An introduction to copulas},
    Year = {2006}
}


@article{Nicosia17,
    author={Nicosia, Aur\'lien and Duchesne, Thierry and Rivest, Louis-Paul and Fortin, Daniel },
    title={A general hidden state random walk model for animal movement},
    journal = {Computational Statistics and Data Analysis},
    publisher = {Amsterdam: Elsevier},
    year = {2017},
    volume = {105},
    pages={76--95}
}


@article{Nunez14,
    author={Nu\~{n}ez-Antonio, Gabriel and Guti\'{e}rrez-Pe\~{n}a, Eduardo },
    title={A Bayesian model for longitudinal circular data based on the projected normal distribution},
    journal = {Computational Statistics and Data Analysis},
    publisher = {Amsterdam: Elsevier},
    year = {2014},
    volume = {71},
    pages={506--519}
}

@article{Oualkacha09,
    author = {Oualkacha, K. and Rivest, L.},
    doi = {10.1016/j.jmva.2008.03.004},
    journal = {Journal of Multivariate Analysis},
    number = {1},
    pages = {70--80},
    title = {A new statistical model for random unit vectors},
    volume = {100},
    year = {2009}
}

@article{Oualkacha12,
author = {Oualkacha, Karim and Rivest, Louis-Paul},
title = {On the estimation of an average rigid body motion},
volume = {99},
number = {3},
pages = {585-598},
year = {2012},
doi = {10.1093/biomet/ass020},
journal = {Biometrika}
}

@book{OualkachaT09,
    author = {Oualkacha, K.},
    publisher = {unpublished Ph.D. Thesis, Qu\'ebec, Universit\'e Laval},
    title = {Mod\`eles Statistiques Pour des Rotations et des D\'eplacements de Corps Solides},
    year = {2009}
}

@article{polsen2015parametric,
  title={Parametric circular--circular regression and diagnostic analysis},
  author={Polsen, Orathai and Taylor, Charles C},
  journal={Geometry driven statistics},
  pages={115--128},
  year={2015},
  publisher={Wiley Online Library}
}

@article{Prentice86,
  author={Prentice, M. J.},
  title={Orientation statistics without parametric assumptions},
  journal={Journal of the Royal Statistical Society: Series B (Methodological)},
  volume={48},
  number={2},
  pages={214--222},
  year={1986}
}

@article{Presnell98,
  author={Presnell, B. and Morrison, S. P. and Littell, R.C.},
  title={Projected multivariate linear models
    for directional data},
  journal={Journal of the American Statistical Association},
  volume={93},
  pages={1068--1077},
  year={1998}
}

@book{Rao15,
    author = {Rao, J. N. K. and Molina, Isabel},
    publisher = {Wiley},
    title = {Small Area estimation. Second Edition},
    year = {2015}
}

@article {Rancourt00,
author = {Rancourt, D. and Rivest, L.-P. and Asselin, J.},
title = {Using orientation statistics to investigate variations in human kinematics},
journal = {Journal of the Royal Statistical Society: Series C (Applied Statistics)},
volume = {49},
number = {1},
pages = {81--94},
year = {2000}
}


@article{Rivest82,
author = {Rivest, Louis-Paul},
title = {Some statistical methods for bivariate circular data},
volume = {44},
pages = {81--90},
year = {1982},
journal = {Journal of the Royal Statistical Society Series B}
}

@article{Rivest95,
author = {Rivest, L. P.},
title = {Some Local Linear Models for the Assessment of Geometric Integrity},
volume = {5},
pages = {204--210},
year = {1995},
journal = {Statistica Sinica}
}


@article{Rivest97,
author = {Rivest, Louis-Paul},
title = {A decentred predictor for circular--circular regression},
volume = {84},
pages = {717--726},
year = {1997},
journal = {Biometrika}
}


@article{Rivest99,
author = {Rivest, L. P.},
title = {Some Linear Model Techniques for Analyzing Small Circle Spherical Data},
volume = {27},
number = {3},
pages = {623--638},
year = {1999},
journal = {Revue Canadienne de Statistique}
}


@article{Rivest01,
author = {Rivest, L. P.},
title = {A Directional Model for the Statistical Analysis of Movement in Three Dimensions},
volume = {88},
number = {3},
pages = {779--791},
year = {2001},
journal = {Biometrika}
}


@article {Rivest06,
author = {Rivest, Louis-Paul and Chang, Ted},
title = {Regression and correlation for 3 × 3 rotation matrices},
journal = {Canadian Journal of Statistics},
volume = {34},
number = {2},
doi = {10.1002/cjs.5550340201},
pages = {187--202},
year = {2006}
}

@article {Rivest16,
author = {Rivest, Louis-Paul and Duchesne, Thierry and Nicosia, Aur\'elien and Fortin, Daniel},
title = {A general angular regression model for the analysis of data on animal movement in ecology},
journal = {Journal of the Royal Statistical Society, series C},
volume = {66},
number = {3},
pages = {445--463},
year = {2016}
}

@article {Rivest16b,
author = {Rivest, Louis-Paul},
title = {A research proposal},
journal = {Manuscript sent to Shogo via email on February 6, 2016},
year = {2016},
pages = {1-9}
}

@article{ruschendorf1976asymptotic,
  title={Asymptotic distributions of multivariate rank order statistics},
  author={Ruschendorf, Ludger},
  journal={The Annals of Statistics},
  pages={912--923},
  year={1976},
  publisher={JSTOR}
}

@article{ruymgaart1974asymptotic,
  title={Asymptotic normality of nonparametric tests for independence},
  author={Ruymgaart, Frederik Hendrik},
  journal={The Annals of Statistics},
  pages={892--910},
  year={1974},
  publisher={JSTOR}
}

@article{Sheringer71,
author = {Sheringer, C.},
title = {A Model for Fitting a Plane to a Set of Points by Least Squares},
volume = {27},
pages = {1470--1472},
year = {1971},
journal = {Acta Crystallographica}
}


@article{Shomaker59,
author = {Shomaker, V. and Waser, J. and Marsh, R. E. and Bergman, G.},
title = {To Fit a Plane or a Line to a Set of Points by Least Squares},
volume = {12},
pages = {600--604},
year = {1959},
journal = {Acta Crystallographica}
}



@article{thompson2024simultaneous,
  title={Simultaneous estimation of the temporal and spatial extent of animal migration using step lengths and turning angles},
  author={Thompson, Peter R and Harrington, Peter D and Mallory, Conor D and Lele, Subhash R and Bayne, Erin M and Derocher, Andrew E and Edwards, Mark A and Campbell, Mitch and Lewis, Mark A},
  journal={Movement Ecology},
  volume={12},
  number={1},
  pages={1},
  year={2024},
  publisher={Springer}
}



@article{Tibshirani87,
title = {Local Likelihood Estimation},
journal = {American Statistical Association},
volume = {82},
pages = {559--567},
year = {1987},
author = {Tibshirani, R. and Hastie, T.}
}

@book{Upton89,
title = {Spatial Data Analysis by Example, Volume 2. Categorical and Directional Data},
    author = {Upton, G. J. G. and Fingleton, B. },
    publisher = {John Wiley, New York USA.},
    year = {1989}
}


@article{Wang13,
title = {Directional data analysis under the general projected normal distribution},
journal = {Statistical Methodology},
volume = {10},
pages = {113--127},
year = {2013},
author = {Wang, Fangpao and Gelfand, Alan E.}
}

@article{Wang15,
title={Joint spatio-temporal analysis of a linear and a directional variable:
 space-time modeling of wave heights and wave directions in the Adriatic sea.},
author = {Wang, Fangpao and Gelfand, Alan E. and Jona Lasinio, G. },
journal = {Statistica Sinica },
volume = {25},
pages = {25--39},
year = {2015},
}

@article{wehrly1980bivariate,
  title={Bivariate models for dependence of angular observations and a related Markov process},
  author={Wehrly, Thomas E and Johnson, Richard A},
  journal={Biometrika},
  volume={66},
  number={1},
  pages={255--256},
  year={1979},
  publisher={Oxford University Press}
}

@book{Zatsiorsky98,
    author = {Zatsiorsky, V. M.},
    publisher = {Human Kinematics Publisher, Champaign, IL, USA.},
    title = {Kinematics of Human Motion},
    year = {1998}
}








@article{Lesosky08,
  author={Maia Lesosky and Peter T Kim and David W Kribs},
  title={Regularized deconvolution on the 2D-Euclidean motion group},
  journal={Inverse Problems},
  volume={24},
  number={5},
  pages={055017},
  year={2008}
}










@article{Khatri77,
    author = {Khatri, C. G. and Mardia, K. V.},
    journal = {Journal of the Royal Statistical Society. Series B (Methodological)},
    number = {1},
    title = {{The Von Mises-Fisher Matrix Distribution in Orientation Statistics}},
    volume = {39},
    pages={95--106},
    year = {1977}
}









@article{Neyman48,
    author = {Neyman, J. and Scott, E.L.},
    journal = {Econometrica},
    pages = {1--32},
    title = {{Consistent estimates based on partially consistent observations}},
    volume = {16},
    year = {1948}
}
