

@article{Rivest2015,
  doi = {10.1111/rssc.12124},
  url = {http://dx.doi.org/10.1111/rssc.12124},
  year  = {2016},
  month = {oct},
  publisher = {Wiley-Blackwell},
  pages = {n/a--n/a},
  author = {Louis-Paul Rivest and Thierry Duchesne and Aur{\'{e}}lien Nicosia and Daniel Fortin},
  title = {A general angular regression model for the analysis of data on animal movement in ecology},
  journal = {Journal of the Royal Statistical Society: Series C (Applied Statistics)}
}

@article{cjs2019,
  title   = {Regression for circular responses with clustered observations},
  author  = {Rivest, Louis-Paul and Kato, Shogo},
  journal = {Canadian Journal of Statistics},
  year    = {2019},
  volume  = {47},
  number  = {4},
  pages   = {646--671},
  doi     = {10.1002/cjs.11502}
}

@book{jammalamadaka2001,
  title     = {Topics in Circular Statistics},
  author    = {Jammalamadaka, S. Rao and SenGupta, A.},
  publisher = {World Scientific},
  year      = {2001}
}
